@inproceedings{kumar2016disinformation,
	title={Disinformation on the web: Impact, characteristics, and detection of wikipedia hoaxes},
	author={Kumar, Srijan and West, Robert and Leskovec, Jure},
	booktitle={Proceedings of the 25th international conference on World Wide Web},
	pages={591--602},
	year={2016},
	organization={International World Wide Web Conferences Steering Committee}
}

@inproceedings{goel2012structure,
	title={The structure of online diffusion networks},
	author={Goel, Sharad and Watts, Duncan J and Goldstein, Daniel G},
	booktitle={Proceedings of the 13th ACM conference on electronic commerce},
	pages={623--638},
	year={2012},
	organization={ACM}
}

@inproceedings{kwon2013prominent,
	title={Prominent features of rumor propagation in online social media},
	author={Kwon, Sejeong and Cha, Meeyoung and Jung, Kyomin and Chen, Wei and Wang, Yajun},
	booktitle={2013 IEEE 13th International Conference on Data Mining},
	pages={1103--1108},
	year={2013},
	organization={IEEE}
}

@inproceedings{ma2016detecting,
	title={Detecting Rumors from Microblogs with Recurrent Neural Networks.},
	author={Ma, Jing and Gao, Wei and Mitra, Prasenjit and Kwon, Sejeong and Jansen, Bernard J and Wong, Kam-Fai and Cha, Meeyoung},
	booktitle={IJCAI},
	pages={3818--3824},
	year={2016}
}

@article{perez2017automatic,
	title={Automatic detection of fake news},
	author={P{\'e}rez-Rosas, Ver{\'o}nica and Kleinberg, Bennett and Lefevre, Alexandra and Mihalcea, Rada},
	journal={arXiv preprint arXiv:1708.07104},
	year={2017}
}

@article{starbird2014rumors,
	title={Rumors, false flags, and digital vigilantes: Misinformation on twitter after the 2013 boston marathon bombing},
	author={Starbird, Kate and Maddock, Jim and Orand, Mania and Achterman, Peg and Mason, Robert M},
	journal={IConference 2014 Proceedings},
	year={2014},
	publisher={iSchools}
}

@inproceedings{shao2016hoaxy,
	title={Hoaxy: A platform for tracking online misinformation},
	author={Shao, Chengcheng and Ciampaglia, Giovanni Luca and Flammini, Alessandro and Menczer, Filippo},
	booktitle={Proceedings of the 25th international conference companion on world wide web},
	pages={745--750},
	year={2016},
	organization={International World Wide Web Conferences Steering Committee}
}

@inproceedings{metaxas2015using,
	title={Using twittertrails. com to investigate rumor propagation},
	author={Metaxas, Panagiotis Takas and Finn, Samantha and Mustafaraj, Eni},
	booktitle={Proceedings of the 18th ACM Conference Companion on Computer Supported Cooperative Work \& Social Computing},
	pages={69--72},
	year={2015},
	organization={ACM}
}

@inproceedings{tong2018misinformation,
	title={On Misinformation Containment in Online Social Networks},
	author={Tong, Amo and Du, Ding-Zhu and Wu, Weili},
	booktitle={Advances in Neural Information Processing Systems},
	pages={339--349},
	year={2018}
}

@inproceedings{tambuscio2015fact,
	title={Fact-checking effect on viral hoaxes: A model of misinformation spread in social networks},
	author={Tambuscio, Marcella and Ruffo, Giancarlo and Flammini, Alessandro and Menczer, Filippo},
	booktitle={Proceedings of the 24th international conference on World Wide Web},
	pages={977--982},
	year={2015},
	organization={ACM}
}

@inproceedings{nguyen2012containment,
	title={Containment of misinformation spread in online social networks},
	author={Nguyen, Nam P and Yan, Guanhua and Thai, My T and Eidenbenz, Stephan},
	booktitle={Proceedings of the 4th Annual ACM Web Science Conference},
	pages={213--222},
	year={2012},
	organization={ACM}
}

@article{vosoughi2018spread,
	title={The spread of true and false news online},
	author={Vosoughi, Soroush and Roy, Deb and Aral, Sinan},
	journal={Science},
	volume={359},
	number={6380},
	pages={1146--1151},
	year={2018},
	publisher={American Association for the Advancement of Science}
}

@inproceedings{friggeri2014rumor,
	title={Rumor cascades},
	author={Friggeri, Adrien and Adamic, Lada and Eckles, Dean and Cheng, Justin},
	booktitle={Eighth International AAAI Conference on Weblogs and Social Media},
	year={2014}
}

@article{tong2017efficient,
	title={An efficient randomized algorithm for rumor blocking in online social networks},
	author={Tong, Guangmo and Wu, Weili and Guo, Ling and Li, Deying and Liu, Cong and Liu, Bin and Du, Ding-Zhu},
	journal={IEEE Transactions on Network Science and Engineering},
	year={2017},
	publisher={IEEE}
}

@inproceedings{hui2018hoaxy,
	title={The Hoaxy misinformation and fact-checking diffusion network},
	author={Hui, Pik-Mai and Shao, Chengcheng and Flammini, Alessandro and Menczer, Filippo and Ciampaglia, Giovanni Luca},
	booktitle={Twelfth International AAAI Conference on Web and Social Media},
	year={2018}
}

@article{rose2010automatic,
	title={Automatic keyword extraction from individual documents},
	author={Rose, Stuart and Engel, Dave and Cramer, Nick and Cowley, Wendy},
	journal={Text mining: applications and theory},
	pages={1--20},
	year={2010},
	publisher={Wiley Online Library}
}

@inproceedings{gupta2013faking,
	title={Faking sandy: characterizing and identifying fake images on twitter during hurricane sandy},
	author={Gupta, Aditi and Lamba, Hemank and Kumaraguru, Ponnurangam and Joshi, Anupam},
	booktitle={Proceedings of the 22nd international conference on World Wide Web},
	pages={729--736},
	year={2013},
	organization={ACM}
}

@article{zubiaga2016analysing,
	title={Analysing how people orient to and spread rumours in social media by looking at conversational threads},
	author={Zubiaga, Arkaitz and Liakata, Maria and Procter, Rob and Hoi, Geraldine Wong Sak and Tolmie, Peter},
	journal={PloS one},
	volume={11},
	number={3},
	pages={e0150989},
	year={2016},
	publisher={Public Library of Science}
}

@book{bird2009natural,
	title={Natural language processing with Python: analyzing text with the natural language toolkit},
	author={Bird, Steven and Klein, Ewan and Loper, Edward},
	year={2009},
	publisher={" O'Reilly Media, Inc."}
}

@inproceedings{li2016user,
	title={User behaviors in newsworthy rumors: A case study of Twitter},
	author={Li, Quanzhi and Liu, Xiaomo and Fang, Rui and Nourbakhsh, Armineh and Shah, Sameena},
	booktitle={Tenth International AAAI Conference on Web and Social Media},
	year={2016}
}

@inproceedings{cheng2014can,
	title={Can cascades be predicted?},
	author={Cheng, Justin and Adamic, Lada and Dow, P Alex and Kleinberg, Jon Michael and Leskovec, Jure},
	booktitle={Proceedings of the 23rd international conference on World wide web},
	pages={925--936},
	year={2014},
	organization={ACM}
}

@article{kumar2018false,
	title={False information on web and social media: A survey},
	author={Kumar, Srijan and Shah, Neil},
	journal={arXiv preprint arXiv:1804.08559},
	year={2018}
}

@article{ma2013predicting,
	title={On predicting the popularity of newly emerging hashtags in T witter},
	author={Ma, Zongyang and Sun, Aixin and Cong, Gao},
	journal={Journal of the American Society for Information Science and Technology},
	volume={64},
	number={7},
	pages={1399--1410},
	year={2013},
	publisher={Wiley Online Library}
}

@article{martens2018digital,
	title={The digital transformation of news media and the rise of disinformation and fake news},
	author={Martens, Bertin and Aguiar, Luis and G{\'o}mez, Estrella and Mueller-Langer, Frank},
	year={2018}
}

@inproceedings{ozturk2015combating,
	title={Combating rumor spread on social media: The effectiveness of refutation and warning},
	author={Ozturk, Pinar and Li, Huaye and Sakamoto, Yasuaki},
	booktitle={2015 48th Hawaii International Conference on System Sciences},
	pages={2406--2414},
	year={2015},
	organization={IEEE}
}

@book{difonzo2007rumor,
	title={Rumor psychology: Social and organizational approaches.},
	author={DiFonzo, Nicholas and Bordia, Prashant},
	year={2007},
	publisher={American Psychological Association}
}

